
@incollection{Golledge1995a,
  title={Primitives of spatial knowledge},
  author={Golledge, Reginald G},
  booktitle={Cognitive Aspects of Human-Computer Interaction for Geographic Information Systems},
  pages={29--44},
  year={1995},
  publisher={Springer}
}

@incollection{Gardenfors2000f,
author = {G{\"{a}}rdenfors, Peter},
booktitle = {Conceptual Spaces: The Geometry of Thought},
publisher = {MIT Press},
title = {{Semantics}},
year = {2000}
}

@book{Alexander1977a,
  title={A pattern language: towns, buildings, construction},
  author={Alexander, Christopher},
  year={1977},
  publisher={Oxford university Press}
}

@article{Borner2012b,
  title={Design and update of a classification system: The UCSD map of science},
  author={B{\"o}rner, Katy and Klavans, Richard and Patek, Michael and Zoss, Angela M and Biberstine, Joseph R and Light, Robert P and Larivi{\`e}re, Vincent and Boyack, Kevin W},
  journal={PloS one},
  volume={7},
  number={7},
  pages={e39464},
  year={2012},
  publisher={Public Library of Science}
}

@article{Fabrikant2004a,
  title={The distance--similarity metaphor in network-display spatializations},
  author={Fabrikant, Sara Irina and Montello, Daniel R and Ruocco, Marco and Middleton, Richard S},
  journal={Cartography and Geographic Information Science},
  volume={31},
  number={4},
  pages={237--252},
  year={2004},
  publisher={Taylor \& Francis}
}

@book{Bae2018,
  title={Representations of an Urban Neighborhood: Residents' Cognitive Boundaries of Koreatown, Los Angeles},
  author={Bae, Crystal Ji-Hye},
  year={2015},
  publisher={University of California, Santa Barbara}
}

@book{Baeza-Yates2011b,
  title={Modern information retrieval},
  author={Baeza-Yates, Ricardo and Ribeiro, Berthier de Ara{\'u}jo Neto and others},
  year={2011},
  publisher={New York: ACM Press; Harlow, England: Addison-Wesley}
}

@inproceedings{Montello2003d,
  title={Testing the first law of cognitive geography on point-display spatializations},
  author={Montello, Daniel R and Fabrikant, Sara Irina and Ruocco, Marco and Middleton, Richard S},
  booktitle={International Conference on Spatial Information Theory},
  pages={316--331},
  year={2003},
  organization={Springer}
}

@article{Fabrikant2000b,
  title={Spatialized browsing in large data archives},
  author={Fabrikant, Sara I},
  journal={Transactions in GIS},
  volume={4},
  number={1},
  pages={65--78},
  year={2000},
  publisher={Wiley Online Library}
}

@inproceedings{Kuhn1996,
  title={Handling data spatially: Spatializating user interfaces},
  author={Kuhn, Werner},
  booktitle={Advances in GIS research II: Proceedings of the 7th International Symposium on Spatial Data Handling},
  volume={2},
  pages={13B},
  year={1996}
}

@article{Sinton1977,
  title={The inherent structure of information as a constraint to analysis: Mapped thematic data as a case study},
  author={Sinton, David},
  journal={Harvard papers on geographic information systems},
  year={1978},
  publisher={Addison-Wesley}
}

@article{Blei2003c,
  title={Latent dirichlet allocation},
  author={Blei, David M and Ng, Andrew Y and Jordan, Michael I},
  journal={Journal of Machine Learning Research},
  volume={3},
  number={Jan},
  pages={993--1022},
  year={2003}
}

@article{Lafia2016h,
author = {Anonymous},
title = {Anonymous},
year = {2016},
journal = {Anonymous},
note = {Details omitted for double-blind reviewing}
}

@article{Fabrikant2006a,
  title={The distance-similarity metaphor in region-display spatializations},
  author={Fabrikant, Sara Irina and Monteilo, DR and Mark, David M},
  journal={IEEE Computer Graphics and Applications},
  volume={26},
  number={4},
  pages={34--44},
  year={2006},
  publisher={IEEE}
}

@article{Bruggmann2016b,
  title={How does GIScience support spatio-temporal information search in the humanities?},
  author={Bruggmann, Andr{\'e} and Fabrikant, Sara I},
  journal={Spatial Cognition \& Computation},
  volume={16},
  number={4},
  pages={255--271},
  year={2016},
  publisher={Taylor \& Francis}
}

@book{MacEachren2004c,
  title={How maps work: representation, visualization, and design},
  author={MacEachren, Alan M},
  year={2004},
  publisher={Guilford Press}
}

@inproceedings{Bechhofer2010d,
  title={Research Objects: Towards Exchange and Reuse of Digital Knowledge},
  author={Bechhofer, Sean and De Roure, D and Gamble, M and Goble, Carole and Buchan, I},
  booktitle={The Future of the Web for Collaborative Science (FWCS 2010)},
  year={2010},
  organization={Nature Precedings}
}

@article{Hearst2011b,
  title={User interfaces and visualization},
  author={Hearst, Marti and others},
  journal={Modern information retrieval},
  pages={257--323},
  year={1999}
}

@article{Wise1999a,
  title={The ecological approach to text visualization},
  author={Wise, James A},
  journal={Journal of the American Society for Information Science},
  volume={50},
  number={13},
  pages={1224--1233},
  year={1999},
  publisher={Wiley Online Library}
}

@article{Soergel1999a,
  title={The rise of ontologies or the reinvention of classification},
  author={Soergel, Dagobert},
  journal={Journal of the American Society for Information Science},
  volume={50},
  number={12},
  pages={1119--1120},
  year={1999},
  publisher={Wiley Online Library}
}

@incollection{Kohonen1995a,
  title={Learning vector quantization},
  author={Kohonen, Teuvo},
  booktitle={Self-Organizing Maps},
  pages={175--189},
  year={1995},
  publisher={Springer}
}

@book{Newman2018a,
  title={Networks},
  author={Newman, Mark},
  year={2018},
  publisher={Oxford University Press}
}

@article{Couclelis2014a,
  title={Ontology: Theoretical Perspectives},
  author={Couclelis, Helen},
  journal={International Encyclopedia of Geography: People, the Earth, Environment and Technology: People, the Earth, Environment and Technology},
  pages={1--11},
  year={2016},
  publisher={Wiley Online Library}
}

@article{Kuhn2012e,
  title={Core concepts of spatial information for transdisciplinary research},
  author={Kuhn, Werner},
  journal={International Journal of Geographical Information Science},
  volume={26},
  number={12},
  pages={2267--2276},
  year={2012},
  publisher={Taylor \& Francis}
}

@article{Smith1995a,
  title={Alexandria digital library},
  author={Smith, Terence R and Frew, James},
  journal={Communications of the ACM},
  volume={38},
  number={4},
  pages={61--62},
  year={1995},
  publisher={ACM}
}

@article{Skupin2003,
issn = {1523-0406},
journal = {Cartography and Geographic Information Science},
pages = {99--119},
volume = {30},
publisher = {Taylor & Francis Group},
number = {2},
year = {2003},
title = {Spatialization Methods: A Cartographic Research Agenda for Non-geographic Information Visualization},
language = {eng},
author = {Skupin, André and Fabrikant, Sara Irina}
}

@article{baker_1994, 
title={Discards}, 
journal={The New Yorker}, 
author={Baker, Nicholson}, 
year={1994}, 
month={Apr}, 
pages={64–86}
}

@book{mckenzie2015temporal,
  title={A temporal approach to defining place types based on user-contributed geosocial content},
  author={McKenzie, Grant Donald},
  year={2015},
  publisher={University of California, Santa Barbara}
}

@incollection{worboys2004gis,
  booktitle = {GIS: a computing perspective},
  title={Models of Geospatial Information},
  author={Worboys, Michael F and Duckham, Matt},
  year={2004},
  publisher={CRC press}
}

@article{Leicht,
    issn = {1434-6028},
    journal = {The European Physical Journal B},
    pages = {75--83},
    volume = {59},
    publisher = {EDP Sciences},
    number = {1},
    year = {2007},
    title = {Large-scale structure of time evolving citation networks},
    language = {eng},
    address = {Les Ulis},
    author = {Leicht, E. A. and Clarkson, G. and Shedden, K. and Newman, M. E.J.},
    keywords = {89.75.Hc Networks and genealogical trees ; 89.75.Fb Structures and organization in complex systems ; 89.70.+c Information theory and communication theory},
}

@article{ArthurRichard1994SaRi,
    issn = {0007-0882},
    journal = {The British Journal for the Philosophy of Science},
    volume = {45},
    publisher = {Oxford University Press for the British Society for the Philosophy of Science},
    number = {1},
    year = {1994},
    title = {Space and Relativity in Newton and Leibniz},
    language = {eng},
    address = {Oxford},
    author = {Arthur, Richard},
    keywords = {Sciences (General) ; Philosophy;}}
}

@article{tobler1970computer,
  title={A computer movie simulating urban growth in the Detroit region},
  author={Tobler, Waldo R},
  journal={Economic geography},
  volume={46},
  number={sup1},
  pages={234--240},
  year={1970},
  publisher={Taylor \& Francis}
}